@book{20161609.12-2016Allocations,
    title = {{1609.12-2016 - IEEE Standard for Wireless Access in Vehicular Environments (WAVE) - Identifier Allocations}},
    year = {2016},
    publisher = {IEEE},
    url = {http://ieeexplore.ieee.org/document/7428792/},
    address = {New York},
    isbn = {978-1-5044-0765-6},
    doi = {10.1109/IEEESTD.2016.7428792}
}

@misc{Anthony20175GKm,
    title = {{5G specs announced: 20Gbps download, 1ms latency, 1M devices per square km}},
    year = {2017},
    booktitle = {ARS Technica},
    author = {Anthony, Sebastian;},
    url = {https://arstechnica.com/information-technology/2017/02/5g-imt-2020-specs/}
}

@book{Gast2002802.11Guide,
    title = {{802.11 wireless networks : the definitive guide}},
    year = {2002},
    author = {Gast, Matthew.},
    pages = {443},
    publisher = {O'Reilly},
    url = {http://primo.aub.aau.dk/primo_library/libweb/action/display.do?tabs=detailsTab&ct=display&fn=search&doc=AUB01_ALEPH001298290&indx=2&recIds=AUB01_ALEPH001298290&recIdxs=1&elementId=&renderMode=poppedOut&displayMode=full&http://primo.aub.aau.dk:80/primo_lib},
    address = {Sebastopol, CA},
    isbn = {0596001835}
}

@incollection{Rodrigues2017AContracts,
    title = {{A Blockchain-Based Architecture for Collaborative DDoS Mitigation with Smart Contracts}},
    year = {2017},
    booktitle = {Security of Networks and Services in an All-Connected World. AIMS 2017. Lecture Notes in Computer Science},
    author = {Rodrigues, Bruno and Bocek, Thomas and Lareida, Andri and Hausheer, David and Rafati, Sina and Stiller, Burkhard},
    editor = {Tuncer D., Koch R., Badonnel R., Stiller B.},
    month = {7},
    pages = {16--29},
    publisher = {Springer, Cham},
    url = {http://link.springer.com/10.1007/978-3-319-60774-0_2},
    isbn = {978-3-319-60774-0},
    doi = {10.1007/978-3-319-60774-0{\_}2}
}

@inproceedings{Bogner2016ABlockchain,
    title = {{A Decentralised Sharing App running a Smart Contract on the Ethereum Blockchain}},
    year = {2016},
    booktitle = {Proceedings of the 6th International Conference on the Internet of Things  - IoT'16},
    author = {Bogner, Andreas and Chanson, Mathieu and Meeuw, Arne},
    pages = {177--178},
    publisher = {ACM Press},
    url = {http://dl.acm.org/citation.cfm?doid=2991561.2998465},
    address = {New York, New York, USA},
    isbn = {9781450348140},
    doi = {10.1145/2991561.2998465}
}

@misc{Eckhoff2013AWAVE,
    title = {{A performance study of cooperative awareness in ETSI ITS G5 and IEEE WAVE}},
    year = {2013},
    booktitle = {Wireless On-demand Network Systems and Services (WONS), 2013 10th Annual Conference on},
    author = {Eckhoff, David and Sofra, Nikoletta and German, Reinhard},
    editor = {Eckhoff, David and Sofra, Nikoletta and German, Reinhard},
    pages = {196--200},
    doi = {10.1109/WONS.2013.6578347},
    keywords = {Communication, Networking and Broadcast Technologies, Components, Circuits, Devices and Systems, Computing and Processing}
}

@article{Tsugawa2016ASavings,
    title = {{A Review of Truck Platooning Projects for Energy Savings}},
    year = {2016},
    journal = {IEEE Transactions on Intelligent Vehicles},
    author = {Tsugawa, Sadayuki and Jeschke, Sabina and Shladover, Steven E.},
    number = {1},
    month = {3},
    pages = {68--77},
    volume = {1},
    url = {http://ieeexplore.ieee.org/document/7497531/},
    doi = {10.1109/TIV.2016.2577499}
}

@inproceedings{Schoettle2014AAustralia,
    title = {{A survey of public opinion about connected vehicles in the U.S., the U.K., and Australia}},
    year = {2014},
    booktitle = {International Conference on Connected Vehicles and Expo},
    author = {Schoettle, Brandon and Sivak, Michael},
    editor = {Schoettle, Brandon and Sivak, Michael},
    pages = {687--692},
    doi = {10.1109/ICCVE.2014.7297637},
    keywords = {Aerospace, Australia, Communication, Networking and Broadcast Technologies, Components, Circuits, Devices and Systems, Computing and Processing, Connected Vehicles, Fields, Waves and Electromagnetics, General Topics for Engineers, Geoscience, Internet, Motorcycles, Power, Energy and Industry Applications, Public Opinion, Robotics and Control Systems, Safety, Security, Signal Processing and Analysis, Survey, Transportation, U.K., U.S., V2i, V2v, V2x}
}

@article{Jia2016ASystems,
    title = {{A Survey on Platoon-Based Vehicular Cyber-Physical Systems}},
    year = {2016},
    journal = {IEEE Communications Surveys {\&} Tutorials},
    author = {Jia, Dongyao and Lu, Kejie and Wang, Jianping and Zhang, Xiang and Shen, Xuemin},
    number = {1},
    pages = {263--284},
    volume = {18},
    url = {http://ieeexplore.ieee.org/document/7056505/},
    doi = {10.1109/COMST.2015.2410831}
}

@misc{MaximIntegratedProductsInc.2013AnMaxim,
    title = {{An Introduction to Spread-Spectrum Communications - Tutorial - Maxim}},
    year = {2013},
    author = {{Maxim Integrated Products Inc.}},
    url = {https://www.maximintegrated.com/en/app-notes/index.mvp/id/1890}
}

@inproceedings{Shao2014AnalysisNetworks,
    title = {{Analysis of connectivity probability in platoon-based Vehicular Ad Hoc Networks}},
    year = {2014},
    booktitle = {2014 International Wireless Communications and Mobile Computing Conference (IWCMC)},
    author = {Shao, Caixing and Leng, Supeng and Zhang, Yan and Vinel, Alexey and Jonsson, Magnus},
    month = {8},
    pages = {706--711},
    publisher = {IEEE},
    url = {http://ieeexplore.ieee.org/lpdocs/epic03/wrapper.htm?arnumber=6906442},
    isbn = {978-1-4799-0959-9},
    doi = {10.1109/IWCMC.2014.6906442}
}

@misc{Popper2014ApparentTimes,
    title = {{Apparent Theft at Mt. Gox Shakes Bitcoin World - The New York Times}},
    year = {2014},
    booktitle = {New York Times},
    author = {Popper, Nathaniel; and Abrams, Rachel},
    month = {2},
    url = {https://www.nytimes.com/2014/02/25/business/apparent-theft-at-mt-gox-shakes-bitcoin-world.html}
}

@techreport{2012ARIB1.0,
    title = {{ARIB STD-T109 Version 1.0}},
    year = {2012},
    url = {http://www.arib.or.jp/english/index.html},
    institution = {Association of Radio Industries and Businesses}
}

@book{Swan2015BlockchainEconomy,
    title = {{Blockchain : blueprint for a new economy}},
    year = {2015},
    author = {Swan, Melanie},
    edition = {1},
    pages = {149},
    publisher = {O'Reilly Media, Incorporated},
    isbn = {9781491920497}
}

@book{Drescher2017BlockchainBasics,
    title = {{Blockchain Basics}},
    year = {2017},
    author = {Drescher, Daniel},
    edition = {1.},
    pages = {255},
    publisher = {Apress},
    url = {http://link.springer.com/10.1007/978-1-4842-2604-9},
    address = {Berkeley, CA},
    isbn = {978-1-4842-2603-2},
    doi = {10.1007/978-1-4842-2604-9}
}

@article{Tonguz2013CarsSolution,
    title = {{Cars as roadside units: a self-organizing network solution}},
    year = {2013},
    journal = {IEEE Communications Magazine},
    author = {Tonguz, Ozan and Viriyasitavat, Wantanee},
    number = {12},
    month = {12},
    pages = {112--120},
    volume = {51},
    url = {http://ieeexplore.ieee.org/document/6685766/},
    doi = {10.1109/MCOM.2013.6685766}
}

@inproceedings{Bohm2013Co-existingApplications,
    title = {{Co-existing periodic beaconing and hazard warnings in IEEE 802.11p-based platooning applications}},
    year = {2013},
    booktitle = {Proceeding of the tenth ACM international workshop on Vehicular inter-networking, systems, and applications - VANET '13},
    author = {B{\"{o}}hm, Annette and Jonsson, Magnus and Uhlemann, Elisabeth},
    pages = {99},
    publisher = {ACM Press},
    url = {http://dl.acm.org/citation.cfm?doid=2482967.2482973},
    address = {New York, New York, USA},
    isbn = {9781450320733},
    doi = {10.1145/2482967.2482973}
}

@book{Haykin2001CommunicationSystems,
    title = {{Communication systems}},
    year = {2001},
    author = {Haykin, Simon},
    edition = {4. ed.},
    pages = {816},
    publisher = {Wiley},
    address = {New York},
    isbn = {0471178691}
}

@misc{2016CompanionProject,
    title = {{Companion Project}},
    year = {2016},
    url = {http://www.companion-project.eu/}
}

@techreport{Nowakowski2015CooperativeAlternatives,
    title = {{Cooperative Adaptive Cruise Control (CACC) for Truck Platooning: Operational Concept Alternatives}},
    year = {2015},
    author = {Nowakowski, Christopher and Shladover, Steven E and Lu, Xiao-Yun and Thompson, Deborah and Kailas, Aravind and Nowakowski, Christopher and Shladover, Steven E and Lu, Xiao-Yun and Thompson, Deborah and Kailas, Aravind},
    publisher = {Institute of Transportation Studies, UC Berkeley},
    url = {http://econpapers.repec.org/paper/cdlitsrrp/qt7jf9n5wm.htm}
}

@techreport{Laxhammar2015CooperativeConsumption,
    title = {{Cooperative dynamic formation of platoons for safe and energy-optimized goods transportation: D4.3. Vehicle models for fuel consumption}},
    year = {2015},
    author = {Laxhammar, Rikard; and Gasc{\'{o}}n-Vallbona, Albert;},
    url = {http://www.companion-project.eu/wp-content/uploads/COMPANION-D4.3-Vehicle-models-for-fuel-consumption_final.pdf},
    institution = {EUROPEAN COMMISSION SEVENTH FRAMEWORK PROGRAMME}
}

@techreport{Sadeghian2016CooperativePrototype,
    title = {{Cooperative dynamic formation of platoons for safe and energy-optimized goods transportation: D6.3/D6.4 On-board HMI Design and Prototype}},
    year = {2016},
    author = {Sadeghian, Shadan; and Friedrichs, Thomas;},
    pages = {10},
    url = {http://www.companion-project.eu/wp-content/uploads/COMPANION-D6.pdf},
    institution = {EUROPEAN COMMISSION SEVENTH FRAMEWORK PROGRAMME}
}

@techreport{Dr.Hanelt2016CooperativeResults,
    title = {{Cooperative dynamic formation of platoons for safe and energy-optimized goods transportation: D8.4. Documentation on the socio-economic impacts of the project results}},
    year = {2016},
    author = {Dr. Hanelt, Andre; and Hildebrandt, Bj√∂rn; and Leonhardt, Daniel;},
    url = {http://www.companion-project.eu/wp-content/uploads/COMPANION-D8.4-Documentation-on-the-Socio-Economic-Impacts-of-the-Project-Results.pdf},
    institution = {EUROPEAN COMMISSION SEVENTH FRAMEWORK PROGRAMME}
}

@article{Turri2016CooperativePlatooning,
    title = {{Cooperative look-ahead control for fuel-efficient and safe heavy-duty vehicle platooning}},
    year = {2016},
    journal = {IEEE Transactions on Control Systems Technology},
    author = {Turri, Valerio and Besselink, Bart and Johansson, Karl H},
    number = {99},
    pages = {1--17},
    url = {http://www.diva-portal.org http://www.diva-portal.org http://www.diva-portal.org},
    doi = {10.1109/TCST.2016.2542044}
}

@inproceedings{Carroll2015CreatingExchange,
    title = {{Creating Value Together: The Emerging Design Space of Peer-to-Peer Currency and Exchange}},
    year = {2015},
    booktitle = {Proceedings of the 18th ACM Conference on Computer Supported Cooperative Work {\&} Social Computing - CSCW '15},
    author = {Carroll, John M. and Bellotti, Victoria},
    pages = {1500--1510},
    publisher = {ACM Press},
    url = {http://dl.acm.org/citation.cfm?doid=2675133.2675270},
    address = {New York, New York, USA},
    isbn = {9781450329224},
    doi = {10.1145/2675133.2675270}
}

@article{Cheung2015Crypto-currencyPrices,
    title = {{Crypto-currency bubbles: an application of the Phillips‚ÄìShi‚ÄìYu (2013) methodology on Mt. Gox bitcoin prices}},
    year = {2015},
    journal = {Applied Economics},
    author = {Cheung, Adrian (Wai-Kong) and Roca, Eduardo and Su, Jen-Je},
    number = {23},
    month = {5},
    pages = {2348--2358},
    volume = {47},
    publisher = {Routledge},
    url = {http://www.tandfonline.com/doi/abs/10.1080/00036846.2015.1005827},
    doi = {10.1080/00036846.2015.1005827},
    issn = {0003-6846},
    keywords = {C10, G10, G12, bitcoin, bubbles, crypto-currency}
}

@misc{Chohan2017Cryptocurrencies:Review,
    title = {{Cryptocurrencies: A Brief Thematic Review}},
    year = {2017},
    author = {Chohan, Usman},
    month = {8},
    url = {https://papers.ssrn.com/sol3/papers.cfm?abstract_id=3024330&download=yes}
}

@book{Asharaf2017DecentralizedContracts,
    title = {{Decentralized Computing Using Blockchain Technologies and Smart Contracts}},
    year = {2017},
    author = {Asharaf, S. and Adarsh, S.},
    pages = {128},
    series = {Advances in Information Security, Privacy, and Ethics},
    publisher = {IGI Global},
    url = {http://services.igi-global.com/resolvedoi/resolve.aspx?doi=10.4018/978-1-5225-2193-8},
    isbn = {9781522521938},
    doi = {10.4018/978-1-5225-2193-8}
}

@incollection{Norta2017DesigningOrganizations,
    title = {{Designing a Smart-Contract Application Layer for Transacting Decentralized Autonomous Organizations}},
    year = {2017},
    booktitle = {Advances in Computing and Data Sciences. ICACDS 2016. Communications in Computer and Information Science},
    author = {Norta, Alex},
    editor = {Singh M., Gupta P., Tyagi V., Sharma A., {\"{O}}ren T., Grosky W.},
    month = {11},
    pages = {595--604},
    publisher = {Springer},
    url = {http://link.springer.com/10.1007/978-981-10-5427-3_61},
    address = {Singapore},
    isbn = {978-981-10-5427-3},
    doi = {10.1007/978-981-10-5427-3{\_}61}
}

@inproceedings{Bilstrup2008EvaluationCommunication,
    title = {{Evaluation of the IEEE 802.11p MAC Method for Vehicle-to-Vehicle Communication}},
    year = {2008},
    booktitle = {2008 IEEE 68th Vehicular Technology Conference},
    author = {Bilstrup, Katrin and Uhlemann, Elisabeth and Strom, Erik G. and Bilstrup, Urban},
    month = {9},
    pages = {1--5},
    publisher = {IEEE},
    url = {http://ieeexplore.ieee.org/document/4657278/},
    isbn = {978-1-4244-1721-6},
    doi = {10.1109/VETECF.2008.446}
}

@inproceedings{Bonneau2014FawkescoinCryptography,
    title = {{Fawkescoin, A Cryptocurrency Without Public-Key Cryptography}},
    year = {2014},
    booktitle = {Security Protocols XXII},
    author = {Bonneau, Joseph and Miller, Andrew},
    pages = {350--358},
    publisher = {Springer, Cham},
    url = {http://link.springer.com/10.1007/978-3-319-12400-1_35},
    doi = {10.1007/978-3-319-12400-1{\_}35}
}

@book{Alam2014Fuel-efficientPlatooning,
    title = {{Fuel-efficient heavy-duty vehicle platooning}},
    year = {2014},
    author = {Alam, Assad and Johansson, Karl H. and Horowitz, Roberto},
    pages = {196},
    publisher = {Stockholm: KTH Royal Institute of Technology},
    isbn = {9789175951942}
}

@book{Dr.Gaspar2014HighlySystems,
    title = {{Highly Automated Vehicle Systems}},
    year = {2014},
    author = {Dr. G{\'{a}}sp{\'{a}}r, P√©ter; and Dr. Szalay, Zsolt; and Aradi, Szil√°rd;},
    editor = {{BME MOGI}},
    publisher = { BME MOGI},
    url = {http://www.mogi.bme.hu/TAMOP/jarmurendszerek_iranyitasa_angol/book.html},
    isbn = {978-963-313-173-2}
}

@misc{MiTACIntl.2011HowWork,
    title = {{How does GPS work?}},
    year = {2011},
    author = {{MiTAC Intl.}},
    url = {http://www.mio.com/technology-gps-work.htm}
}

@book{VehicularTechnologySociety2014IEEEArchitecture,
    title = {{IEEE guide for Wireless Access in Vehicular Environments (WAVE) architecture}},
    year = {2014},
    author = {{Vehicular Technology Society;} and {Intelligent Transportation Systems Committee;} and {Institute of Electrical and Electronics Engineers;} and {IEEE-SA Standards Board;}},
    pages = {68},
    publisher = {IEEE},
    url = {http://primo.aub.aau.dk/primo_library/libweb/action/display.do?tabs=detailsTab&ct=display&fn=search&doc=TN_ieee10.1109%2fIEEESTD.2014.6755433&indx=1&recIds=TN_ieee10.1109%2fIEEESTD.2014.6755433&recIdxs=0&elementId=&renderMode=poppedOut&displayMode=full&ht},
    isbn = {9780738187563}
}

@book{2016IEEEAccess.,
    title = {{IEEE Std 802.11-2016 (Revision of IEEE Std 802.11-2012) : IEEE Standard for Information technology--Telecommunications and information exchange between systems Local and metropolitan area networks--Specific requirements - Part 11: Wireless LAN Medium Access.}},
    year = {2016},
    pages = {3534},
    publisher = {IEEE},
    address = {New York},
    isbn = {9781504436458},
    doi = {10.1109/IEEESTD.2016.7786995}
}

@article{Shladover2015IndustryPlatooning,
    title = {{Industry Needs and Opportunities for Truck Platooning}},
    year = {2015},
    author = {Shladover, Steven E and Campbell, Robert and Kailas, Aravind and Boyd, Stephen and Torrey, Ford and Shladover, Steven E and Campbell, Robert and Kailas, Aravind and Boyd, Stephen and Torrey, Ford},
    publisher = {Institute of Transportation Studies, UC Berkeley},
    url = {http://econpapers.repec.org/paper/cdlitsrrp/qt6723k932.htm}
}

@misc{OfficeoftheAssistantSecretaryforResearchandTechnologyIntelligentSheet,
    title = {{Intelligent Transportation Systems - DSRC: The Future of Safer Driving Fact Sheet}},
    author = {{Office of the Assistant Secretary for Research and Technology}},
    url = {https://www.its.dot.gov/factsheets/dsrc_factsheet.htm}
}

@techreport{U.S.GovernmentAccountabilityOffice2015IntelligentExist,
    title = {{Intelligent Transportation Systems: Vehicle-to-Infrastructure Technologies Expected to Offer Benefits, but Deployment Challenges Exist}},
    year = {2015},
    author = {{U.S. Government Accountability Office}},
    number = {GAO-15-775},
    url = {http://www.gao.gov/products/GAO-15-775}
}

@article{HameedMir2014LTEEvaluation,
    title = {{LTE and IEEE 802.11p for vehicular networking: a performance evaluation}},
    year = {2014},
    journal = {EURASIP Journal on Wireless Communications and Networking},
    author = {Hameed Mir, Zeeshan and Filali, Fethi},
    number = {1},
    pages = {1--15},
    volume = {2014},
    url = {http://jwcn.eurasipjournals.springeropen.com/articles/10.1186/1687-1499-2014-89},
    doi = {10.1186/1687-1499-2014-89}
}

@article{Alasmary2012MobilityNetworks,
    title = {{Mobility impact in IEEE 802.11p infrastructureless vehicular networks}},
    year = {2012},
    journal = {Ad Hoc Networks},
    author = {Alasmary, Waleed and Zhuang, Weihua},
    number = {2},
    month = {3},
    pages = {222--230},
    volume = {10},
    url = {http://linkinghub.elsevier.com/retrieve/pii/S1570870510000703},
    doi = {10.1016/j.adhoc.2010.06.006}
}

@misc{Tencer2011NumberWheels,
    title = {{Number Of Cars Worldwide Surpasses 1 Billion; Can The World Handle This Many Wheels?}},
    year = {2011},
    booktitle = {The Huffington Post Canada},
    author = {Tencer, Daniel;},
    month = {8},
    url = {http://www.huffingtonpost.ca/2011/08/23/car-population_n_934291.html}
}

@inproceedings{Heinovski2016PerformanceSTD-T109,
    title = {{Performance comparison of IEEE 802.11p and ARIB STD-T109}},
    year = {2016},
    booktitle = {2016 IEEE Vehicular Networking Conference (VNC)},
    author = {Heinovski, Julian and Klingler, Florian and Dressler, Falko and Sommer, Christoph},
    month = {12},
    pages = {1--8},
    publisher = {IEEE},
    url = {http://ieeexplore.ieee.org/document/7835923/},
    isbn = {978-1-5090-5197-7},
    doi = {10.1109/VNC.2016.7835923}
}

@article{Bilgin2013PerformanceAreas,
    title = {{Performance Comparison of IEEE 802.11p and IEEE 802.11b for Vehicle-to-Vehicle Communications in Highway, Rural, and Urban Areas}},
    year = {2013},
    journal = {International Journal of Vehicular Technology},
    author = {Bilgin, B. E. and Gungor, V. C.},
    pages = {1--10},
    volume = {2013},
    url = {http://www.hindawi.com/journals/ijvt/2013/971684/},
    doi = {10.1155/2013/971684}
}

@article{Fernandez2012PerformanceEnvironments,
    title = {{Performance of the 802.11p Physical Layer in Vehicle-to-Vehicle Environments}},
    year = {2012},
    journal = {IEEE Transactions on Vehicular Technology},
    author = {Fernandez, Joseph A. and Borries, Kevin and Cheng, Lin and Vijaya Kumar, B. V. K. and Stancil, Daniel D. and Bai, Fan},
    number = {1},
    month = {1},
    pages = {3--14},
    volume = {61},
    url = {http://ieeexplore.ieee.org/document/5982455/},
    doi = {10.1109/TVT.2011.2164428}
}

@article{Lansky2018PossibleCryptocurrencies,
    title = {{Possible State Approaches to Cryptocurrencies}},
    year = {2018},
    journal = {Journal of Systems Integration},
    author = {Lansky, Jan},
    number = {1},
    month = {1},
    pages = {19--31},
    volume = {9},
    url = {http://www.si-journal.org/index.php/JSI/article/view/335/325},
    doi = {10.20470/jsi.v9i1.335}
}

@techreport{Chan2012ProjectSARTRE,
    title = {{Project Final Report - SARTRE}},
    year = {2012},
    author = {Chan, Eric and Ekfjorden, Andreas and Jootel, Paviter and Gidney, Joshua and D{\'{a}}vila, Arturo and Br{\"{a}}nnstr{\"{o}}m, Mattias and Skarin, Daniel and Wahlstr{\"{o}}m, Linda},
    pages = {57},
    url = {http://www.sartre-project.eu/en/publications/Documents/SARTRE_Final-Report.pdf}
}

@article{Alvarez1997SafeSystems,
    title = {{Safe Platooning In Automated Highway Systems}},
    year = {1997},
    author = {Alvarez, Luis and Horowitz, Roberto and Alvarez, Luis and Horowitz, Roberto},
    publisher = {Institute of Transportation Studies, UC Berkeley},
    url = {http://econpapers.repec.org/paper/cdlitsrrp/qt1v97t5w1.htm http://econpapers.repec.org/paper/cdlitsrrp/qt1v97t5w1.htm}
}

@misc{Safespot,
    title = {{Safespot}},
    url = {http://www.safespot-eu.org/}
}

@incollection{Haferkorn2015SeasonalityNamecoin,
    title = {{Seasonality and Interconnectivity Within Cryptocurrencies - An Analysis on the Basis of Bitcoin, Litecoin and Namecoin}},
    year = {2015},
    booktitle = { Enterprise Applications and Services in the Finance Industry. Lecture Notes in Business Information Processing,},
    author = {Haferkorn, Martin and Quintana Diaz, Josu√© Manuel},
    editor = {{Lugmayr A.}},
    month = {12},
    pages = {106--120},
    publisher = {Springer, Cham},
    url = {http://link.springer.com/10.1007/978-3-319-28151-3_8},
    doi = {10.1007/978-3-319-28151-3{\_}8}
}

@book{Lee2013SecurityArchitects,
    title = {{Security Basics for Computer Architects}},
    year = {2013},
    booktitle = {Synthesis Lectures on Computer Architecture},
    author = {Lee, Ruby B.},
    month = {9},
    pages = {95},
    publisher = {Morgan {\&} Claypool},
    url = {http://www.morganclaypool.com/doi/abs/10.2200/S00512ED1V01Y201305CAC025},
    address = {San Rafael, CA},
    isbn = {9781627051569},
    doi = {10.2200/S00512ED1V01Y201305CAC025}
}

@inproceedings{Chen2017SmartProblem,
    title = {{Smart Contract Execution - the (+-)-Biased Ballot Problem}},
    year = {2017},
    booktitle = {28th International Symposium on Algorithms and Computation (ISAAC 2017)},
    author = {Chen, Lin and Xu, Lei and Gao, Zhimin and Shah, Nolan and Lu, Yang and Shi, Weidong},
    editor = {{Yoshio Okamoto; Takeshi Tokuyama}},
    pages = {21:1- 21:12},
    volume = {92},
    publisher = {Schloss Dagstuhl - Leibniz-Zentrum fuer Informatik},
    url = {http://drops.dagstuhl.de/opus/volltexte/2017/8238/},
    address = {Dagstuhl, Germany},
    isbn = {978-3-95977-054-5},
    doi = {10.4230/LIPICS.ISAAC.2017.21}
}

@incollection{Knecht2017SmartDEMAP:Platform,
    title = {{SmartDEMAP: A Smart Contract Deployment and Management Platform}},
    year = {2017},
    booktitle = {Security of Networks and Services in an All-Connected World. AIMS 2017. Lecture Notes in Computer Science},
    author = {Knecht, Markus and Stiller, Burkhard},
    editor = {Tuncer D., Koch R., Badonnel R., Stiller B.},
    month = {7},
    pages = {159--164},
    publisher = {Springer, Cham},
    url = {http://link.springer.com/10.1007/978-3-319-60774-0_15},
    isbn = {978-3-319-60774-0},
    doi = {10.1007/978-3-319-60774-0{\_}15}
}

@inproceedings{Shi2014SpectrumSafety,
    title = {{Spectrum Requirement for Vehicle-to-Vehicle Communication for Traffic Safety}},
    year = {2014},
    booktitle = {2014 IEEE 79th Vehicular Technology Conference (VTC Spring)},
    author = {Shi, Lei and Sung, Ki Won},
    month = {5},
    pages = {1--5},
    publisher = {IEEE},
    url = {http://ieeexplore.ieee.org/document/7023107/},
    isbn = {978-1-4799-4482-8},
    doi = {10.1109/VTCSpring.2014.7023107}
}

@incollection{Delmolino2016StepLab,
    title = {{Step by Step Towards Creating a Safe Smart Contract: Lessons and Insights from a Cryptocurrency Lab}},
    year = {2016},
    booktitle = {Financial Cryptography and Data Security},
    author = {Delmolino, Kevin and Arnett, Mitchell and Kosba, Ahmed and Miller, Andrew and Shi, Elaine},
    editor = {Clark J., Meiklejohn S., Ryan P., Wallach D., Brenner M., Rohloff K.},
    month = {2},
    pages = {79--94},
    publisher = {Springer},
    url = {http://link.springer.com/10.1007/978-3-662-53357-4_6},
    address = {Berlin, Heidelberg},
    isbn = {978-3-662-53357-4},
    doi = {10.1007/978-3-662-53357-4{\_}6}
}

@incollection{Haferkorn2015StrategicSystems,
    title = {{Strategic Competitive Advantages Through Enterprise Systems: The Case of Exchange Systems}},
    year = {2015},
    booktitle = {Enterprise Applications and Services in the Finance Industry. Lecture Notes in Business Information Processing},
    author = {Haferkorn, Martin and Siering, Michael and Zimmermann, Kai},
    editor = {{Lugmayr A. (eds)}},
    month = {12},
    pages = {79--89},
    publisher = {Springer, Cham},
    url = {http://link.springer.com/10.1007/978-3-319-28151-3_6},
    isbn = {978-3-319-28151-3},
    doi = {10.1007/978-3-319-28151-3{\_}6}
}

@article{Peppard1974StringSystems,
    title = {{String stability of relative-motion PID vehicle control systems}},
    year = {1974},
    journal = {IEEE Transactions on Automatic Control},
    author = {Peppard, L.},
    number = {5},
    month = {10},
    pages = {579--581},
    volume = {19},
    url = {http://ieeexplore.ieee.org/document/1100652/},
    doi = {10.1109/TAC.1974.1100652}
}

@article{Banbury1995TheSurvival,
    title = {{The Effect of Introducing Important Incremental Innovations on Market Share and Business Survival}},
    year = {1995},
    journal = {Strategic Management Journal},
    author = {Banbury, CM; and Mitchell, W;},
    pages = {161--182},
    volume = {16}
}

@article{Hiertz2010TheUniverse,
    title = {{The IEEE 802.11 universe}},
    year = {2010},
    journal = {IEEE Communications Magazine},
    author = {Hiertz, Guido and Denteneer, Dee and Stibor, Lothar and Zang, Yunpeng and Costa, Xavier and Walke, Bernhard},
    number = {1},
    month = {1},
    pages = {62--70},
    volume = {48},
    url = {http://ieeexplore.ieee.org/document/5394032/},
    doi = {10.1109/MCOM.2010.5394032}
}

@book{2011TheTechnology,
    title = {{The Impact of Control Technology}},
    year = {2011},
    editor = {Samad, Tariq; and Annaswamy, Anuradha;},
    publisher = {IEEE Control Systems Society},
    url = {www.ieeecss.org}
}

@inproceedings{Abdelgader2014TheChallenges,
    title = {{The physical layer of the IEEE 802. 11p WAVE communication standard: The specifications and challenges}},
    year = {2014},
    booktitle = {Lecture Notes in Engineering and Computer Science},
    author = {Abdelgader, A. M. S.; and Lenan, W.;},
    pages = {691--698},
    isbn = {9789881925374}
}

@article{Larsson2015TheHeuristics,
    title = {{The vehicle platooning problem: Computational complexity and heuristics}},
    year = {2015},
    journal = {Transportation Research Part C: Emerging Technologies},
    author = {Larsson, Erik and Sennton, Gustav and Larson, Jeffrey},
    month = {11},
    pages = {258--277},
    volume = {60},
    url = {http://linkinghub.elsevier.com/retrieve/pii/S0968090X15003204},
    doi = {10.1016/j.trc.2015.08.019}
}

@misc{HighwayTrafficSafetyAdministration2015TRAFFICSurvey,
    title = {{TRAFFIC SAFETY FACTS Critical Reasons for Crashes Investigated in the National Motor Vehicle Crash Causation Survey}},
    year = {2015},
    author = {Highway Traffic Safety Administration, National and Department of Transportation, US;},
    publisher = {NHTSA‚Äôs National Center for Statistics and Analysis},
    url = {https://crashstats.nhtsa.dot.gov/Api/Public/ViewPublication/812115},
    address = {Washington D.C.}
}

@article{OMarah2016TruckImagination,
    title = {{Truck Driver Shortage Is A Shortage Of Imagination}},
    year = {2016},
    journal = {Forbes},
    author = {O'Marah, Kevin;},
    month = {9},
    url = {https://www.forbes.com/sites/kevinomarah/2016/09/01/truck-driver-shortage-is-a-shortage-of-imagination/2/#159626051596}
}

@misc{Caldwell1999TwoWave,
    title = {{Two platoon Pirates riding the wave}},
    year = {1999},
    booktitle = {The Tampa tribune.},
    author = {Caldwell, Dana C.;},
    month = {2},
    pages = {6},
    publisher = {The Tribune Co},
    url = {http://www.lexisnexis.com/hottopics/lnacademic/?verb=sr&csi=145459&sr=HEADLINE(Two+platoon+Pirates+riding+the+wave.)%2BAND%2BDATE%2BIS%2B1999},
    address = {Tampa, FL}
}

@misc{Brignolo2008UseProject,
    title = {{Use cases, functional specifications and safety margin applications for the SAFESPOT Project}},
    year = {2008},
    author = {Brignolo, R. and Vivo, G. and Visintainer, F. and Belarbi, F. and Dozza, M.},
    pages = {54},
    url = {http://www.safespot-eu.org/documents/D8.4.4_SAFESPOT_Applications.pdf}
}

@article{Tuchner2015VehicleControl,
    title = {{Vehicle Platoon Formation Using Interpolating Control}},
    year = {2015},
    journal = {IFAC-PapersOnLine},
    author = {Tuchner, Alon and Haddad, Jack},
    number = {14},
    pages = {414--419},
    volume = {48},
    url = {http://linkinghub.elsevier.com/retrieve/pii/S2405896315016110},
    doi = {10.1016/j.ifacol.2015.09.492}
}

@article{Vinel2015Vehicle-to-vehicleScenarios,
    title = {{Vehicle-to-vehicle communication in C-ACC/platooning scenarios}},
    year = {2015},
    journal = {IEEE Communications Magazine},
    author = {Vinel, Alexey and Lan, Lin and Lyamin, Nikita},
    number = {8},
    month = {8},
    pages = {192--197},
    volume = {53},
    url = {http://ieeexplore.ieee.org/document/7180527/ http://ieeexplore.ieee.org/document/7180527/},
    doi = {10.1109/MCOM.2015.7180527}
}

@techreport{Harding2014Vehicle-to-VehicleApplication,
    title = {{Vehicle-to-Vehicle Communications: Readiness of V2V Technology for Application}},
    year = {2014},
    author = {Harding, John and Powell, Gregory and Yoon, Rebecca and Fikentscher, Joshua and Doyle, Charlene and Sade, Dana and Lukuc, Mike and Simons, Jim and Wang, Jing},
    pages = {327},
    url = {https://trid.trb.org/view.aspx?id=1323282},
    institution = {National Highway Traffic Safety Administration},
    address = {Washington, DC}
}

@misc{Mercer2017What5G,
    title = {{What is 5G? Everything you need to know about 5G}},
    year = {2017},
    booktitle = {techworld},
    author = {Mercer, Christina;},
    url = {http://www.techworld.com/personal-tech/what-is-5g-everything-you-need-know-about-5g-3634921/}
}

@book{Aboul-Magd2008WirelessPerspective,
    title = {{Wireless Local Area Networks Quality of Service : An Engineering Perspective}},
    year = {2008},
    author = {Aboul-Magd, Osama},
    pages = {167},
    publisher = {IEEE Press},
    address = {New York},
    isbn = {9780738156736}
}